<?xml version="1.0" encoding="UTF-8"?><record xmlns="http://www.loc.gov/MARC21/slim" xmlns:cinclude="http://apache.org/cocoon/include/1.0" xmlns:zs="http://www.loc.gov/zing/srw/">
  <leader>01274cz  a2200229n  4500</leader>
  <controlfield tag="001">n  00093166 </controlfield>
  <controlfield tag="003">DLC</controlfield>
  <controlfield tag="005">20130420074852.0</controlfield>
  <controlfield tag="008">000303n| azannaabn          |b ana      </controlfield>
  <datafield tag="010" ind1=" " ind2=" ">
    <subfield code="a">n  00093166 </subfield>
  </datafield>
  <datafield tag="035" ind1=" " ind2=" ">
    <subfield code="a">(OCoLC)oca05167632</subfield>
  </datafield>
  <datafield tag="040" ind1=" " ind2=" ">
    <subfield code="a">DLC</subfield>
    <subfield code="b">eng</subfield>
    <subfield code="e">rda</subfield>
    <subfield code="c">DLC</subfield>
    <subfield code="d">DLC</subfield>
    <subfield code="d">InU</subfield>
  </datafield>
  <datafield tag="110" ind1="2" ind2=" ">
    <subfield code="a">Rossiĭskai︠a︡ akademii︠a︡ nauk.</subfield>
    <subfield code="b">Sibirskoe otdelenie.</subfield>
    <subfield code="b">Prezidium</subfield>
  </datafield>
  <datafield tag="410" ind1="2" ind2=" ">
    <subfield code="a">Российская академия наук.</subfield>
    <subfield code="b">Сибирское отделение.</subfield>
    <subfield code="b">Президиум</subfield>
  </datafield>
  <datafield tag="410" ind1="2" ind2=" ">
    <subfield code="a">Академия наук СССР.</subfield>
    <subfield code="b">Сибирское отделение.</subfield>
    <subfield code="b">Президиум</subfield>
  </datafield>
  <datafield tag="410" ind1="2" ind2=" ">
    <subfield code="a">Akademii︠a︡ nauk SSSR.</subfield>
    <subfield code="b">Sibirskoe otdelenie.</subfield>
    <subfield code="b">Prezidium</subfield>
  </datafield>
  <datafield tag="410" ind1="2" ind2=" ">
    <subfield code="a">Президиум Сибирского отделения РАН</subfield>
  </datafield>
  <datafield tag="410" ind1="2" ind2=" ">
    <subfield code="a">Prezidium Sibirskogo otdelenii︠a︡ RAN</subfield>
  </datafield>
  <datafield tag="510" ind1="2" ind2=" ">
    <subfield code="w">a</subfield>
    <subfield code="a">Prezidium SO AN SSSR</subfield>
  </datafield>
  <datafield tag="667" ind1=" " ind2=" ">
    <subfield code="a">Non-Latin script references not evaluated.</subfield>
  </datafield>
  <datafield tag="670" ind1=" " ind2=" ">
    <subfield code="a">Realizat︠s︡ii︠a︡ nauchnogo potent︠s︡iala i naukoemkiĭ biznes, 1997:</subfield>
    <subfield code="b">t.p. (Prezidium Sibirskogo otdelenii︠a︡ RAN)</subfield>
  </datafield>
  <datafield tag="675" ind1=" " ind2=" ">
    <subfield code="a">Vsesoi︠u︡znai︠a︡ shkola po avtomatizat︠s︡ii nauchnykh issledovaniĭ (19th : 1985 : Novosibirsk, R.S.F.S.R.) Avtomatizat︠s︡ii︠a︡ nauchnykh issledovaniĭ, 1985: t.p. (Prezidiume SO AN SSSR)</subfield>
  </datafield>
</record>